@Book{Kline,
title={古今中国思想},
publisher={上海出版社},
year={2002},
author={克莱}}


@ARTICLE{quanjing,
author={曲安京},
title={勾股定理},
journal={数学传播},
year={2002},
volume={20},
number={3}}


		
